<record><leader>00000cas a22000007a 4500</leader><controlfield tag="001">15470578</controlfield><controlfield tag="008">870401d18841889inuwr ne      0    0eng d</controlfield><datafield ind1=" " ind2=" " tag="010"><subfield code="a">sn 87055496 </subfield></datafield><datafield ind1=" " ind2=" " tag="040"><subfield code="a">NPI</subfield><subfield code="b">eng</subfield><subfield code="c">NPI</subfield><subfield code="d">OCLCQ</subfield></datafield><datafield ind1=" " ind2=" " tag="042"><subfield code="a">msc</subfield></datafield><datafield ind1="0" ind2="4" tag="245"><subfield code="a">The Akron echo.</subfield></datafield><datafield ind1=" " ind2=" " tag="260"><subfield code="a">Akron, Ind. :</subfield><subfield code="b">L.M. Noyer</subfield></datafield><datafield ind1=" " ind2=" " tag="310"><subfield code="a">Weekly</subfield></datafield><datafield ind1="1" ind2=" " tag="362"><subfield code="a">Began in 1884; ceased in 1889.</subfield></datafield><datafield ind1=" " ind2=" " tag="588"><subfield code="a">Description based on: Vol. 5, no. 36 (July 19, 1889).</subfield></datafield><datafield ind1=" " ind2=" " tag="752"><subfield code="a">United States</subfield><subfield code="b">Indiana</subfield><subfield code="c">Fulton</subfield><subfield code="d">Akron.</subfield></datafield><datafield ind1="0" ind2="0" tag="785"><subfield code="t">Akron eagle</subfield></datafield></record>